<?xml version="1.0" encoding="UTF-8"?><collection xmlns="http://www.loc.gov/MARC21/slim"><record><leader>00395nam--2200133-i-4500</leader><controlfield tag="001">000020359</controlfield><controlfield tag="002">20161230</controlfield><controlfield tag="005">20161230201033</controlfield><controlfield tag="008">060222s1000------------r-----000-0-eng-d</controlfield><datafield ind1=" " ind2=" " tag="080"><subfield code="a">691</subfield></datafield><datafield ind1=" " ind2=" " tag="100"><subfield code="a">Rasidescu,Ene.Gh., Iordache,Gh.M</subfield></datafield><datafield ind1=" " ind2=" " tag="245"><subfield code="a">Utilaje pentru industria materialelor de constructii.constructie.montaj.exploatare</subfield></datafield><datafield ind1=" " ind2=" " tag="260"><subfield code="a">Bucuresti, Editura Tehnica, 1987. 343 P</subfield></datafield><datafield ind1=" " ind2=" " tag="852"><subfield code="a">74158</subfield></datafield></record></collection>